@book{Demtroeder1,
      author        = "Demtr√∂der, Wolfgang",
      title         = "{Atoms, Molecules and Photons: An Introduction to Atomic-,
                       Molecular- and Quantum Physics}",
      publisher     = "Springer",
      address       = "Berlin",
      series        = "Graduate Texts in Physics",
      year          = "2010",
}

