@article{binnig1982surface,
  title={Surface studies by scanning tunneling microscopy},
  author={Binnig, Gerd and Rohrer, Heinrich and Gerber, Ch and Weibel, E},
  journal={Physical review letters},
  volume={49},
  number={1},
  pages={57},
  year={1982},
  publisher={APS}
}

