@article{strang2003introduction,
  title={Introduction to linear algebra},
  author={Strang, Gilbert},
  journal={Cambridge Publication},
  year={2003}
}

@book{Hooshyar,
      author        = "Hooshyar, M. A and Reichstein, I and Malik, F. B",
      title         = "{Nuclear Fission and Cluster Radioactivity: An
                       Energy-Density Functional Approach}",
      publisher     = "Springer",
      address       = "Berlin, Heidelberg",
      year          = "2005",
}

@book{martin2006nuclear,
  title={Nuclear and particle physics: An introduction},
  author={Martin, Brian},
  year={2006},
  publisher={John Wiley \& Sons}
}

@misc{ver,
    title={Versuchsanleitung Fortgeschrittenen Praktikum Teil 1,
        Kurze Halbwertszeiten},
    author={Köhli, M. and Köhler, M.},
    month={april},
    year={2011}
}

@misc{nist,
  title = {NIST Atomic Spectra Database - Atomic Data for Iron (Fe)},
  howpublished = {\url{
    http://www.physics.nist.gov/PhysRefData/Handbook/Tables/irontable1_a.htm}
    },
    note     = {Last visited on 18/10/2014}
}

@misc{scipy,
  author =    {Eric Jones and Travis Oliphant and Pearu Peterson and others},
  title =     {{SciPy}: Open source scientific tools for {Python}},
  year =      {2001--},
  url = "http://www.scipy.org/"
}

@misc{uc,
    author =    {Eric O. Lebigot},
    title =     {Uncertainties: a Python package for calculations with uncertainties},
    url = "http://pythonhosted.org/uncertainties/",
    note     = {Last visited on 22/09/2014}
} 

