@article{strang2003introduction,
  title={Introduction to linear algebra},
  author={Strang, Gilbert},
  journal={Cambridge Publication},
  year={2003}
}

@book{boyd2003nonlinear,
  title={Nonlinear optics},
  author={Boyd, Robert W},
  year={2003},
  publisher={Academic press}
}
