

@misc{scipy,
  author =    {Eric Jones and Travis Oliphant and Pearu Peterson and others},
  title =     {{SciPy}: Open source scientific tools for {Python}},
  year =      {2001--},
  url = "http://www.scipy.org/"
}


@techreport{python,
 author = {Rossum, Guido},
 title = {Python Reference Manual},
 year = {1995},
 publisher = {CWI (Centre for Mathematics and Computer Science)},
 address = {Amsterdam, The Netherlands, The Netherlands},
} 

@Article{Hunter2007,
  Author    = {Hunter, J. D.},
  Title     = {Matplotlib: A 2D graphics environment},
  Journal   = {Computing In Science \& Engineering},
  Volume    = {9},
  Number    = {3},
  Pages     = {90--95},
  abstract  = {Matplotlib is a 2D graphics package used for Python
  for application development, interactive scripting, and
  publication-quality image generation across user
  interfaces and operating systems.},
  publisher = {IEEE COMPUTER SOC},
  year      = 2007
}

@article{compton,
  title = {A Quantum Theory of the Scattering of X-rays by Light Elements},
  author = {Compton, Arthur H.},
  journal = {Phys. Rev.},
  volume = {21},
  issue = {5},
  pages = {483--502},
  numpages = {0},
  year = {1923},
  month = {May},
  publisher = {American Physical Society},
  doi = {10.1103/PhysRev.21.483},
  url = {http://link.aps.org/doi/10.1103/PhysRev.21.483}
}

@book{siegbahn2012alpha,
  title={Alpha-, Beta- and Gamma-Ray Spectroscopy},
  author={Siegbahn, K.},
  number={Bd. 1},
  isbn={9780444596994},
  url={https://books.google.de/books?id=3CVyS-qQL6UC},
  year={2012},
  publisher={Elsevier Science}
}
