

@misc{scipy,
  author =    {Eric Jones and Travis Oliphant and Pearu Peterson and others},
  title =     {{SciPy}: Open source scientific tools for {Python}},
  year =      {2001--},
  url = "http://www.scipy.org/"
}
@techreport{python,
 author = {Rossum, Guido},
 title = {Python Reference Manual},
 year = {1995},
 publisher = {CWI (Centre for Mathematics and Computer Science)},
 address = {Amsterdam, The Netherlands, The Netherlands},
} 

@Article{Hunter2007,
  Author    = {Hunter, J. D.},
  Title     = {Matplotlib: A 2D graphics environment},
  Journal   = {Computing In Science \& Engineering},
  Volume    = {9},
  Number    = {3},
  Pages     = {90--95},
  abstract  = {Matplotlib is a 2D graphics package used for Python
  for application development, interactive scripting, and
  publication-quality image generation across user
  interfaces and operating systems.},
  publisher = {IEEE COMPUTER SOC},
  year      = 2007
}

@misc{ver,
    title={Versuchsanleitung Fortgeschrittenenpraktikum II, Raman-Effekt},
    author={P. Gohn},
    month={october},
    year={2011}
}
@misc{wiss,
    title={Aufbau und didaktische Aufbereitung eines Experimentes zum Ramaneffekt, im Rahmen 
           des Fortgeschrittenenpraktikums},
    author={P. Gohn},
    month={november},
    year={2011}
}
@misc{termreport,
    title={The Raman Effect},
    author={Coleman Krawczyk},
    month={october},
    year={2009}
}

@book{koningstein1972introduction,
  title={Introduction to the theory of the Raman effect},
  author={Koningstein, J.A.},
  year={1972},
  publisher={Reidel}
}


@book{sakurai2011modern,
  title={Modern Quantum Mechanics},
  author={Sakurai, J.J. and Napolitano, J.},
  year={2011},
  publisher={Addison-Wesley}
}

@book{landau1997mechanik,
  title={Mechanik},
  author={Landau, L.D. and Lifshits, E.M. and Ziesche, P.},
  series={Lehrbuch der theoretischen Physik},
  year={1997},
  publisher={Deutsch}
}
  


@book{landau1977quantum,
  title={Quantum Mechanics: Non-relativistic Theory},
  author={Landau, L.D. and Lifshits, E.M.},
  series={Butterworth Heinemann},
  year={1977},
  publisher={Butterworth-Heinemann}
}



