@misc{ver,
    title={Versuchsanleitung Fortgeschrittenen Praktikum Teil 1,
    Superconducting Quantum Interference Device},
    author={M.KÃ¶hli},
    month={april},
    year={2011}
}
