@article{strang2003introduction,
  title={Introduction to linear algebra},
  author={Strang, Gilbert},
  journal={Cambridge Publication},
  year={2003}
}

@article{jackson1999classical,
  title={Classical electrodynamics},
  author={Jackson, John David and Fox, Ronald F},
  journal={American Journal of Physics},
  volume={67},
  number={9},
  pages={841--842},
  year={1999},
  publisher={American Association of Physics Teachers}
}
# Theory Faraday
@misc{staatsexamen,
    title={Elektrooptischer Effekt und Faraday-Effect},
    author={Bernd Herrmann},
    month={january},
    year={1977}
}

@book{landau1984electrodynamics,
  title={Electrodynamics of continuous media},
  author={Landau, Lev Davidovich and Bell, JS and Kearsley, MJ and Pitaevskii, LP and Lifshitz, EM and Sykes, JB},
  volume={8},
  year={1984},
  publisher={Elsevier}
}

@book{sauter1996nonlinear,
  title={Nonlinear Optics},
  author={Sauter, E.G.},
  isbn={9780471148609},
  lccn={96028541},
  series={A Wiley-Interscience publication},
  url={http://books.google.de/books?id=Y5BTFDP4v2UC},
  year={1996},
  publisher={Wiley}
}

@book{sands1993introduction,
  title={Introduction to Crystallography},
  author={Sands, D.E.},
  isbn={9780486678399},
  lccn={lc93035539},
  series={Dover Books on Chemistry Series},
  url={http://books.google.de/books?id=h\_A5u5sczJoC},
  year={1993},
  publisher={Dover}
}

@misc{versuchsanleitung,
    title={Versuchsanleitung Fortgeschrittenen Praktikum Teil 1,
        Faraday- und Pockelseffekt},
    author={Wilbois, T. and KÃ¶hli, M.},
    month={august},
    year={2009}
}

@book{boyd2003nonlinear,
  title={Nonlinear optics},
  author={Boyd, Robert W},
  year={2003},
  publisher={Academic press}
}

@book{born1999principles,
  title={Principles of optics: electromagnetic theory of propagation, interference and diffraction of light},
  author={Born, Max and Wolf, Emil},
  year={1999},
  publisher={CUP Archive}
}

@book{borchardt1995crystallography,
  title={Crystallography},
  author={Borchardt-Ott, Walter},
  year={1995},
  publisher={Springer}
}
@book{christian2003gerthsen,
  title={Gerthsen Physik},
  author={Christian Gerthsen and Dieter Meschede},
  isbn={9783540026228},
  series={Springer-Lehrbuch},
  url={http://books.google.de/books?id=pfpkxqB-jGoC},
  year={2003},
  publisher={Springer}
}

@Misc{scipy,
  author =    {Eric Jones and Travis Oliphant and Pearu Peterson and others},
  title =     {{SciPy}: Open source scientific tools for {Python}},
  year =      {2001--},
  url = "http://www.scipy.org/"
}

@Misc{uc,
    author =    {Eric O. Lebigot},
    title =     {Uncertainties: a Python package for calculations with uncertainties},
    url = "http://pythonhosted.org/uncertainties/"
    note     = {Last visited on 22/09/2014}
}
