@misc{ver,
    title={Versuchsanleitung Fortgeschrittenen Praktikum Teil 1,
    Lange Halbwertszeiten},
}
@book{knoll2000radiation,
  title={Radiation Detection and Measurement},
  author={Knoll, G.F.},
  year={2000},
  publisher={Wiley}
}
@misc{staatsexamen,
    title={Versuche zur Radioaktivität im Physikalischen Fortgeschrittenen
    Praktikum an der Albert-Ludwigs-Universität Freiburg},
    author={Tobijas Kotyk},
    month={november},
    year={2005}
}

@book{haynes,
  title={CRC Handbook of Chemistry and Physics, 93rd Edition},
  author={Haynes, W.M.},
  isbn={9781439880494},
  series={CRC Handbook of Chemistry and Physics},
  year={2012},
  publisher={Taylor \& Francis}
}
@book{konya2012nuclear,
  title={Nuclear and Radiochemistry},
  author={Konya, J. and Nagy, N.M.},
  series={Elsevier insights},
  year={2012},
  publisher={Elsevier Science}
}

@book{cember1996introduction,
  title={Introduction to Health Physics},
  author={Cember, H.},
  year={1996},
  publisher={McGraw-Hill, Health Professions Division}
}
