

@misc{scipy,
  author =    {Eric Jones and Travis Oliphant and Pearu Peterson and others},
  title =     {{SciPy}: Open source scientific tools for {Python}},
  year =      {2001--},
  url = "http://www.scipy.org/"
}

@article{scikit-learn,
 title={Scikit-learn: Machine Learning in {P}ython},
 author={Pedregosa, F. and Varoquaux, G. and Gramfort, A. and Michel, V.
         and Thirion, B. and Grisel, O. and Blondel, M. and Prettenhofer, P.
         and Weiss, R. and Dubourg, V. and Vanderplas, J. and Passos, A. and
         Cournapeau, D. and Brucher, M. and Perrot, M. and Duchesnay, E.},
 journal={Journal of Machine Learning Research},
 volume={12},
 pages={2825--2830},
 year={2011}
}

@article{frank1968numerical,
  title={Numerical taxonomy in marketing analysis: a review article},
  author={Frank, Ronald E and Green, Paul E},
  journal={Journal of Marketing Research},
  pages={83--94},
  year={1968},
  publisher={JSTOR}
}
@book{masteringscikit,
  title={Mastering Machine Learning with scikit-learn},
  author={Gavin Hackeling},
  year={2014},
  publisher={Packt Publishing}
}

@misc{ver,
    title={Versuchsanleitung Fortgeschrittenenpraktikum, Analyse von $Z^0$ Zerfällen, M13},
    author={Universität München},
    month={october},
    year={2010}
}

@book{cowan1998statistical,
  title={Statistical data analysis},
  author={Cowan, Glen},
  year={1998},
  publisher={Oxford University Press}
}

@misc{uc,
    author =    {Eric O. Lebigot},
    title =     {Uncertainties: a Python package for calculations with uncertainties},
    url = "http://pythonhosted.org/uncertainties/",
    note     = {Last visited on 22/09/2014}
} 


@online{CERN_OPAL,
  title = {The OPAL Experiment, Webpage},
  year = 2005,
  url = {http://opal.web.cern.ch/Opal/},
  urldate = {2015-03-25}
}

@online{notebook_viewer,
  title = {A notebook viewer for ipython notebooks},
  year = 2015,
  url = {http://nbviewer.ipython.org/github/vsilv/fp/tree/master/Z0/analysis/},
  urldate = {2015-04-08}
}


@online{FPII_Z0,
  title = {FP repository, Schüßler and Karle},
  year = 2015,
  url = {https://github.com/vsilv/fp/tree/master/Z0/analysis},
  urldate = {2015-04-08}
}


@book{griffiths2008introduction,
  title={Introduction to Elementary Particles},
  author={Griffiths, D.},
  isbn={9783527618477},
  series={Physics textbook},
  url={https://books.google.de/books?id=Wb9DYrjcoKAC},
  year={2008},
  publisher={Wiley}
}

@book{weinberg1996quantum,
  title={The Quantum Theory of Fields},
  author={Weinberg, S.},
  series={The Quantum Theory of Fields 3 Volume Hardback Set},
  year={1996},
  publisher={Cambridge University Press}
}
@book{schroeder,
   title = "An introduction to quantum field theory",
   author = "Peskin, Michael Edward and Schroeder, Daniel V.",
   series = "Advanced book program",
   publisher = "Westview Press Reading (Mass.)",
   address = "Boulder (Colo.)",
   year = 1995
}

@techreport{python,
 author = {Rossum, Guido},
 title = {Python Reference Manual},
 year = {1995},
 publisher = {CWI (Centre for Mathematics and Computer Science)},
 address = {Amsterdam, The Netherlands, The Netherlands},
} 

@Article{Hunter2007,
  Author    = {Hunter, J. D.},
  Title     = {Matplotlib: A 2D graphics environment},
  Journal   = {Computing In Science \& Engineering},
  Volume    = {9},
  Number    = {3},
  Pages     = {90--95},
  abstract  = {Matplotlib is a 2D graphics package used for Python
  for application development, interactive scripting, and
  publication-quality image generation across user
  interfaces and operating systems.},
  publisher = {IEEE COMPUTER SOC},
  year      = 2007
}

@article{pdg,
      author         = "Olive, K.A. and others",
      title          = "{Review of Particle Physics}",
      collaboration  = "Particle Data Group",
      journal        = "Chin.Phys.",
      volume         = "C38",
      pages          = "090001",
      year           = "2014",
}
