@misc{versuchsanleitung,
    title={Versuchsanleitung Fortgeschrittenen Praktikum Teil 1,Ultraschall},
    author={M,KÃ¶hli},
    month={juni},
    year={2012}
}

