@book{cowan1998statistical,
  title={Statistical data analysis},
  author={Cowan, Glen},
  year={1998},
  publisher={Oxford University Press}
}

@misc{ver,
    title={Versuchsanleitung Fortgeschrittenen Praktikum Teil 1,
        Ultraschall},
    author={KÃ¶hli,M.},
    month={april},
    year={2011}
}

@book{boyd2003nonlinear,
  title={Nonlinear optics},
  author={Boyd, Robert W},
  year={2003},
  publisher={Academic press}
}



@book{landau2,
  title={The Classical Theory of Fields},
  author={Landau, L.D. and Lifshitz E.M.},
  number={Bd. 2},
  isbn={9780750627689},
  series={Course of theoretical physics},
  year={1975},
  publisher={Butterworth Heinemann}
}

@misc{nist,
  title = {NIST Atomic Spectra Database - Atomic Data for Iron (Fe)},
  howpublished = {\url{
    http://www.physics.nist.gov/PhysRefData/Handbook/Tables/irontable1_a.htm}
    },
    note     = {Last visited on 18/10/2014}
}

@misc{scipy,
  author =    {Eric Jones and Travis Oliphant and Pearu Peterson and others},
  title =     {{SciPy}: Open source scientific tools for {Python}},
  year =      {2001--},
  url = "http://www.scipy.org/"
}

@misc{uc,
    author =    {Eric O. Lebigot},
    title =     {Uncertainties: a Python package for calculations with uncertainties},
    url = "http://pythonhosted.org/uncertainties/",
    note     = {Last visited on 22/09/2014}
} 

@techreport{python,
 author = {Rossum, Guido},
 title = {Python Reference Manual},
 year = {1995},
 publisher = {CWI (Centre for Mathematics and Computer Science)},
 address = {Amsterdam, The Netherlands, The Netherlands},
} 

@Article{Hunter2007,
  Author    = {Hunter, J. D.},
  Title     = {Matplotlib: A 2D graphics environment},
  Journal   = {Computing In Science \& Engineering},
  Volume    = {9},
  Number    = {3},
  Pages     = {90--95},
  abstract  = {Matplotlib is a 2D graphics package used for Python
  for application development, interactive scripting, and
  publication-quality image generation across user
  interfaces and operating systems.},
  publisher = {IEEE COMPUTER SOC},
  year      = 2007
}
 

