%%%%%%%%%%%%%%%%%%%%%%%%%%%%%%%%%%%%%%%
% Rastertunnelmikroskop
%%%%%%%%%%%%%%%%%%%%%%%%%%%%%%%%%%%%%%%
@article{binnig1982surface,
  title={Surface studies by scanning tunneling microscopy},
  author={Binnig, Gerd and Rohrer, Heinrich and Gerber, Ch and Weibel, E},
  journal={Physical review letters},
  volume={49},
  number={1},
  pages={57},
  year={1982},
  publisher={APS}
}

@article{binnig1982tunneling,
  title={Tunneling through a controllable vacuum gap},
  author={Binnig, Gerd and Rohrer, Heinrich and Gerber, Ch and Weibel, Eddie},
  journal={Applied Physics Letters},
  volume={40},
  number={2},
  pages={178--180},
  year={1982},
  publisher={AIP Publishing}
}

@article{binnig19837,
  title={7$\times$ 7 reconstruction on Si (111) resolved in real space},
  author={Binnig, Gerd and Rohrer, Heinrich and Gerber, Ch and Weibel, Eduard},
  journal={Physical Review Letters},
  volume={50},
  number={2},
  pages={120},
  year={1983},
  publisher={APS}
}

@article{binnig1987scanning,
  title={Scanning tunneling microscopy—from birth to adolescence},
  author={Binnig, Gerd and Rohrer, Heinrich},
  journal={Reviews of Modern Physics},
  volume={59},
  number={3},
  pages={615--625},
  year={1987}
}

@book{chen1993introduction,
  title={Introduction to scanning tunneling microscopy},
  author={Chen, C Julian},
  volume={227},
  year={1993},
  publisher={Oxford University Press New York}
}

@article{thompson1976thermal,
  title={Thermal drive apparatus for direct vacuum tunneling experiments},
  author={Thompson, WA and Hanrahan, SF},
  journal={Review of Scientific Instruments},
  volume={47},
  number={10},
  pages={1303--1304},
  year={1976},
  publisher={AIP Publishing}
}

@article{lapshin1998automatic,
  title={Automatic lateral calibration of tunneling microscope scanners},
  author={Lapshin, Rostislav V},
  journal={Review of Scientific Instruments},
  volume={69},
  number={9},
  pages={3268--3276},
  year={1998},
  publisher={AIP Publishing}
}

%%%%%%%%%%%%%%%%%%%%%%%%%%%%%%%%%%%%%%%
%   Festkörper
%%%%%%%%%%%%%%%%%%%%%%%%%%%%%%%%%%%%%%%
@book{kittel2013einfuhrung,
  title={Einf{\"u}hrung in die Festk{\"o}rperphysik},
  author={Kittel, Charles},
  year={2013},
  publisher={Oldenbourg Verlag}
}

@article{henzler1991oberflachenphysik,
    title={Oberflächenphysik des Festkörpers},
    author={Henzler, Martin and G{\"o}pel, Wolfgang},
    journal={Oberflächenphysik des Festkörpers. Series: Teubner Studienbücher Physik, ISBN: 978-3-519-03047-8. Vieweg+ Teubner Verlag (Wiesbaden), Edited by Martin Henzler and Wolfgang Göpel},
    volume={1},
    year={1991}
}

@book{ibach2009festkorperphysik,
  title={Festk{\"o}rperphysik},
  author={Ibach, Harald and L{\"u}th, Hans},
  journal={Festk{\"o}rperphysik: Einf{\"u}hrung in die Grundlagen, Springer-Lehrbuch. ISBN 978-3-540-85794-5. Springer Berlin Heidelberg, 2009},
  volume={1},
  year={2009}
}

@book{oura2003surface,
  title={Surface science: An Introduction},
  author={Oura, K. and Lifshits, V.G. and Saranin, A.A.and Zotov, A.V. and Katayama, M},
  year={2003},
  publisher={Berlin: Springer-Verlag}
}

@article{chadi1979atomic,
  title={Atomic and electronic structures of reconstructed Si (100) surfaces},
  author={Chadi, DJ},
  journal={Physical Review Letters},
  volume={43},
  number={1},
  pages={43},
  year={1979},
  publisher={APS}
}
@article{vogel1997gerthsen,
  title={Gerthsen Physik},
  author={Vogel, Helmut and Gerthsen, Christian},
  journal={Gerthsen Physik, XXI, 1262 S. 1212 Abb., 1187 in Farbe, 10 Farbtafeln, 89 Tabellen, 105 durchgerechnete Beispiele und 1065 Aufgaben mit vollst{\"a}ndigen L{\"o}sungswegen.. Springer-Verlag Berlin Heidelberg New York. Also Springer-Lehrbuch},
  volume={1},
  year={1997}
}

%%%%%%%%%%%%%%%%%%%%%%%%%%%%%%%%%%%%%%%
%   Graphit, Gold, MoS_2
%%%%%%%%%%%%%%%%%%%%%%%%%%%%%%%%%%%%%%%
@article{fitzer1995recommended,
  title={Recommended terminology for the description of carbon as a solid (IUPAC Recommendations 1995)},
  author={Fitzer, E and Kochling, K-H and Boehm, HP and Marsh, H},
  journal={Pure and Applied Chemistry},
  volume={67},
  number={3},
  pages={473--506},
  year={1995}
}

@article{Selloni1985, 
    author={A. Selloni, P. Carnevali and E. Tosatti, CD Chen},
    journal={Proceedings of the 17th International Conference on the Physics of Semiconductors},
    editor={J. D. Chadi and W. A. Harrison},
    publisher={Springer, New York},
    year={1985},
    pages={11}
}

@article{park1986tunneling,
  title={Tunneling microscopy of graphite in air},
  author={Park, Sang-il and Quate, CF},
  journal={Applied physics letters},
  volume={48},
  number={2},
  pages={112--114},
  year={1986},
  publisher={AIP Publishing}
}

@article{zeinalipour2008new,
  title={A new interpretation of the scanning tunneling microscope image of graphite},
  author={Zeinalipour-Yazdi, Constantinos D and Pullman, David P},
  journal={Chemical Physics},
  volume={348},
  number={1},
  pages={233--236},
  year={2008},
  publisher={Elsevier}
}

@misc{mcnaught2000iupac,
  title={IUPAC Compendium of chemical terminology},
  author={McNaught, Alan D and Wilkinson, Andrew},
  year={2000},
  publisher={International Union of Pure and Applied Chemistry.}
}

@book{delhaes2000graphite,
  title={Graphite and precursors},
  author={Delhaes, Pierre},
  volume={1},
  year={2000},
  publisher={CRC Press}
}

@article{binnig1983111,
  title={(111) facets as the origin of reconstructed Au (110) surfaces},
  author={Binnig, Gerd and Rohrer, Heinrich and Gerber, Ch and Weibel, E},
  journal={Surface Science Letters},
  volume={131},
  number={1},
  pages={L379--L384},
  year={1983},
  publisher={Elsevier}
}

@book{schrocke1981mineralogie,
  title={Mineralogie: ein Lehrbuch auf systematischer Grundlage},
  author={Schr{\"o}cke, Helmut and Weiner, Karl-Ludwig},
  year={1981},
  publisher={Walter de Gruyter}
}

@article{mak2010atomically,
  title={Atomically thin MoS 2: a new direct-gap semiconductor},
  author={Mak, Kin Fai and Lee, Changgu and Hone, James and Shan, Jie and Heinz, Tony F},
  journal={Physical Review Letters},
  volume={105},
  number={13},
  pages={136805},
  year={2010},
  publisher={APS}
}

%%%%%%%%%%%%%%%%%%%%%%%%%%%%%%%%%%%%%%%
%   misc
%%%%%%%%%%%%%%%%%%%%%%%%%%%%%%%%%%%%%%%
@article{crommie1993imaging,
  title={Imaging standing waves in a two-dimensional electron gas},
  author={Crommie, MF and Lutz, CP and Eigler, DM},
  year={1993},
  publisher={Nature Publishing Group}
}

@article{froman1970transmission,
  title={Transmission through a real potential barrier treated by means of certain phase-integral approximations},
  author={Fr{\"o}man, Nanny and others},
  journal={Nuclear Physics A},
  volume={147},
  number={3},
  pages={606--626},
  year={1970},
  publisher={Elsevier}
}

@misc{kahn:stm_images,
   author = "Kahn, Antoine",
   title = "Scanning tunneling microscope (STM) images --- Princeton University, Dept. of Electrical Engineering, Surface/Interface Science Laboratory",
   year = "2014",
   url = "\url{http://www.princeton.edu/~kahnlab/STMImages.html}",
   note = "[Online; accessed 5-September-2014]"
 }

@book{ohring1995engineering,
  title={Engineering materials science},
  author={Ohring, Milton},
  year={1995},
  publisher={Academic press}
}

%%%%%%%%%%%%%%%%%%%%%%%%%%%%%%%%%%%%%%%
%   Durchführung
%%%%%%%%%%%%%%%%%%%%%%%%%%%%%%%%%%%%%%%
@manual{easyscan2_STM,
    title={Operating Instructions easyScan 2 STM version 1.6},
    organization={nanoSurf AG},
    month={may},
    year={2007}
}
@misc{versuchsanleitung,
    title={Versuchsanleitung Fortgeschrittenen Praktikum Teil 1,
        Rastertunnelmikroskop},
    author={M,Köhli and S.Röttinger},
    month={october},
    year={2013}
}

@misc{gwyddion,
  title = {Gwyddion Herstellerseite},
  howpublished = {http://gwyddion.net/},
  note = {Accessed: 2014-09-06}
}
@manual{scipy_reference,
    title={SciPy Reference},
    month={march},
    year={2014}
}

@article{kelty1991scanning,
  title={Scanning-tunneling-microscopy investigations of ternary graphite intercalation compounds},
  author={Kelty, Stephen P and Lu, Zhong and Lieber, Charles M},
  journal={Physical Review B},
  volume={44},
  number={8},
  pages={4064},
  year={1991},
  publisher={APS}
}


@book{demtroder2000experimentalphysik,
  title={Experimentalphysik 3 Atome, Molekule Und Festkörper},
  author={Wolfgang Demtröder},
  isbn={9783642039119},
  series={Experimentalphysik / Wolfgang Demtröder},
  url={http://books.google.de/books?id=DFEzhuWhoTsC},
  year={2010},
  publisher={Springer}
}
@book{landau1991quantenmechanik,
  title={Quantenmechanik},
  author={Landau, L.D. and Lifschitz, E.M. and Ziesche, P. and Pitaevskij, L.P.},
  isbn={9783817113286},
  series={Lehrbuch der theoretischen Physik : in 10 Bänden / L.D. Landau; E.M. Lifschitz. In dt. Sprache hrsg. von Paul Ziesche},
  url={http://books.google.de/books?id=0C70x28b4IMC},
  year={1991},
  publisher={Akad.-Verlag}
}
@misc{staatsexamen,
    title={Einrichtung eines Versuchs: Rastertunnelmirkoskopie für das Fortgeschrittenen-Praktikum 2},
    author={Dieter Ritzmann},
    month={Februar},
    year={1994}
}

@incollection{
regelungstechnik,
year={2002},
isbn={978-3-540-43548-8},
booktitle={Fuzzy-Regelung},
series={Springer-Lehrbuch},
doi={10.1007/978-3-642-55812-2_2},
title={Regelungstechnische Grundlagen},
url={http://dx.doi.org/10.1007/978-3-642-55812-2_2},
publisher={Springer Berlin Heidelberg},
author={Michels, Kai and Kruse, Rudolf and Klawonn, Frank and Nürnberger, Andreas},
pages={59-238},
language={German}
}
