@book{phillips2012bonds,
  title={Bonds and Bands in Semiconductors},
  author={Phillips, J.},
  series={Materials science and technology},
  year={2012},
  publisher={Elsevier Science}
}
@misc{staatsexamen,
    title={Halbleiter \& Halbleiterdetektoren},
    author={Simon Amrein},
    month={April},
    year={2008}
}
@book{ibach2009festkorperphysik,
  title={Festk{\"o}rperphysik},
  author={Ibach, Harald and L{\"u}th, Hans},
  journal={Festk{\"o}rperphysik: Einf{\"u}hrung in die Grundlagen, Springer-Lehrbuch. ISBN 978-3-540-85794-5. Springer Berlin Heidelberg, 2009},
  volume={1},
  year={2009}
}

@book{demtroder2000experimentalphysik,
  title={Experimentalphysik 3 Atome, Molekule Und Festkörper},
  author={Wolfgang Demtröder},
  isbn={9783642039119},
  series={Experimentalphysik / Wolfgang Demtröder},
  url={http://books.google.de/books?id=DFEzhuWhoTsC},
  year={2010},
  publisher={Springer}
}

@book{landau1991quantenmechanik,
  title={Quantenmechanik},
  author={Landau, L.D. and Lifschitz, E.M. and Ziesche, P. and Pitaevskij, L.P.},
  isbn={9783817113286},
  series={Lehrbuch der theoretischen Physik : in 10 Bänden / L.D. Landau; E.M. Lifschitz. In dt. Sprache hrsg. von Paul Ziesche},
  url={http://books.google.de/books?id=0C70x28b4IMC},
  year={1991},
  publisher={Akad.-Verlag}
}
@book{cowan1998statistical,
  title={Statistical data analysis},
  author={Cowan, Glen},
  year={1998},
  publisher={Oxford University Press}
}

@misc{ver,
    title={Versuchsanleitung Fortgeschrittenen Praktikum Teil 1,
        Ultraschall},
    author={Amrein, S. and Lohwasser, K. and Köhli, M and Kühn, S.},
    month={April},
    year={2011}
}

@book{kittel1976introduction,
  title={Introduction to solid state physics},
  author={Kittel, Charles and McEuen, Paul},
  volume={8},
  year={1976},
  publisher={Wiley New York}
}

@misc{nist,
  title = {NIST Atomic Spectra Database - Atomic Data for Iron (Fe)},
  howpublished = {\url{
    http://www.physics.nist.gov/PhysRefData/Handbook/Tables/irontable1_a.htm}
    },
    note     = {Last visited on 18/10/2014}
}

@misc{scipy,
  author =    {Eric Jones and Travis Oliphant and Pearu Peterson and others},
  title =     {{SciPy}: Open source scientific tools for {Python}},
  year =      {2001--},
  url = "http://www.scipy.org/"
}

@misc{uc,
    author =    {Eric O. Lebigot},
    title =     {Uncertainties: a Python package for calculations with uncertainties},
    url = "http://pythonhosted.org/uncertainties/",
    note     = {Last visited on 22/09/2014}
} 

@techreport{python,
 author = {Rossum, Guido},
 title = {Python Reference Manual},
 year = {1995},
 publisher = {CWI (Centre for Mathematics and Computer Science)},
 address = {Amsterdam, The Netherlands, The Netherlands},
} 

@Article{Hunter2007,
  Author    = {Hunter, J. D.},
  Title     = {Matplotlib: A 2D graphics environment},
  Journal   = {Computing In Science \& Engineering},
  Volume    = {9},
  Number    = {3},
  Pages     = {90--95},
  abstract  = {Matplotlib is a 2D graphics package used for Python
  for application development, interactive scripting, and
  publication-quality image generation across user
  interfaces and operating systems.},
  publisher = {IEEE COMPUTER SOC},
  year      = 2007
}
 

