@article{mecke1923bandenspektrum,
  title={Das Bandenspektrum des Jod},
  author={Mecke, R},
  journal={Annalen der Physik},
  volume={376},
  number={9-12},
  pages={104--134},
  year={1923},
  publisher={Wiley Online Library}
}

@article{loomis1927correlation,
  title={Correlation of the Fluorescent and Absorption Spectra of Iodine},
  author={Loomis, FW},
  journal={Physical Review},
  volume={29},
  number={1},
  pages={112},
  year={1927},
  publisher={APS}
}

@book{fliessbach2008quantenmechanik,
  title={Quantenmechanik: Lehrbuch zur Theoretischen Physik III},
  author={Fliessbach, T.},
  year={2008},
  publisher={Spektrum Akademischer Verlag}
}
